%% This BibTeX bibliography file was created using BibDesk.
%% http://bibdesk.sourceforge.net/


%% Created for Milind Kulkarni at 2013-11-15 22:53:06 -0500 


%% Saved with string encoding Unicode (UTF-8) 



@article{sen-cacm,
	Acmid = {2408795},
	Address = {New York, NY, USA},
	Author = {Cadar, Cristian and Sen, Koushik},
	Date-Added = {2013-11-16 03:53:01 +0000},
	Date-Modified = {2013-11-16 03:53:06 +0000},
	Doi = {10.1145/2408776.2408795},
	Issn = {0001-0782},
	Issue_Date = {February 2013},
	Journal = {Commun. ACM},
	Month = feb,
	Number = {2},
	Numpages = {9},
	Pages = {82--90},
	Publisher = {ACM},
	Title = {Symbolic Execution for Software Testing: Three Decades Later},
	Url = {http://doi.acm.org/10.1145/2408776.2408795},
	Volume = {56},
	Year = {2013},
	Bdsk-Url-1 = {http://doi.acm.org/10.1145/2408776.2408795},
	Bdsk-Url-2 = {http://dx.doi.org/10.1145/2408776.2408795}}

@inproceedings{wukong-hpdc13,
	Author = {Zhou, Bowen and Too, Jonathan and Kulkarni, Milind and Bagchi, Saurabh},
	Booktitle = {HPDC '13},
	Title = {WuKong: Automatically Detecting and Localizing Bugs That Manifest at Large System Scales}}

@inproceedings{joshi-hpca08,
	Author = {Ajay M. Joshi and Lieven Eeckhout and Lizy Kurian John and Ciji Isen},
	Booktitle = {HPCA '08},
	Title = {Automated microprocessor stressmark generation}}

@inproceedings{kim-micro12,
	Author = {Kim, Youngtaek and John, Lizy Kurian and Pant, Sanjay and Manne, Srilatha and Schulte, Michael and Bircher, W. Lloyd and Govindan, Madhu S. Sibi},
	Booktitle = {MICRO '12},
	Title = {AUDIT: Stress Testing the Automatic Way}}

@misc{box-test,
	Note = {\url{http://tech.blog.box.com/2012/10/load-testing-in-production}}}

@misc{httperf,
	Note = {\url{https://code.google.com/p/httperf/}}}

@misc{faban,
	Note = {\url{http://faban.org/}}}

@misc{jmeter,
	Note = {\url{http://jmeter.apache.org/}}}

@misc{rubis,
	Note = {\url{http://rubis.ow2.org/}}}

@misc{olio,
	Note = {\url{http://incubator.apache.org/olio/}}}

@misc{spec,
	Note = {\url{http://www.spec.org/cpu2006/}}}

@misc{hadoop-6901,
	Note = {\url{https://issues.apache.org/jira/browse/HADOOP-6901}}}

@misc{cassandra-4681,
	Note = {\url{https://issues.apache.org/jira/browse/CASSANDRA-4681}}}

@inproceedings{nagaraja-usits03,
	Author = {Nagaraja, Kiran and Li, Xiaoyan and Bianchini, Ricardo and Martin, Richard P. and Nguyen, Thu D.},
	Booktitle = {USITS'03},
	Title = {Using Fault Injection and Modeling to Evaluate the Performability of Cluster-based Services}}

@inproceedings{feng-pldi12,
	Author = {Feng, Min and Gupta, Rajiv and Neamtiu, Iulian},
	Booktitle = {PLDI '12},
	Title = {Effective Parallelization of Loops in the Presence of I/O Operations}}

@inproceedings{bodik-socc10,
	Author = {Bodik, Peter and Fox, Armando and Franklin, Michael J. and Jordan, Michael I. and Patterson, David A.},
	Booktitle = {SoCC '10},
	Title = {Characterizing, modeling, and generating workload spikes for stateful services}}

@inproceedings{burnim-icse09,
	Author = {Burnim, Jacob and Juvekar, Sudeep and Sen, Koushik},
	Booktitle = {ICSE '09},
	Title = {WISE: Automated test generation for worst-case complexity}}

@inproceedings{zhang-ase11,
	Author = {Zhang, Pingyu and Elbaum, Sebastian and Dwyer, Matthew B.},
	Booktitle = {ASE '11},
	Title = {Automatic generation of load tests}}

@inproceedings{lhotak-popl11,
	Author = {Lhot\'{a}k, Ondrej and Chung, Kwok-Chiang Andrew},
	Booktitle = {POPL '11},
	Title = {Points-to analysis with efficient strong updates}}

@inproceedings{exe-ccs06,
	Author = {Cadar, Cristian and Ganesh, Vijay and Pawlowski, Peter M. and Dill, David L. and Engler, Dawson R.},
	Booktitle = {CCS '06},
	Title = {EXE: automatically generating inputs of death}}

@inproceedings{dart-pldi05,
	Author = {Godefroid, Patrice and Klarlund, Nils and Sen, Koushik},
	Booktitle = {PLDI '05},
	Title = {DART: directed automated random testing}}

@inproceedings{klee,
	Author = {Cadar, Cristian and Dunbar, Daniel and Engler, Dawson},
	Booktitle = {OSDI '08},
	Title = {KLEE: unassisted and automatic generation of high-coverage tests for complex systems programs}}

@inproceedings{stp,
	Author = {Vijay Ganesh and David L. Dill},
	Booktitle = {CAV '07},
	Title = {A Decision Procedure for Bit-vectors and Arrays}}

@inproceedings{z3,
	Author = {De Moura, Leonardo and Bj{\o}rner, Nikolaj},
	Booktitle = {TACAS'08/ETAPS'08},
	Title = {Z3: an efficient SMT solver}}

@inproceedings{s2e-asplos11,
	Author = {Chipounov, Vitaly and Kuznetsov, Volodymyr and Candea, George},
	Booktitle = {ASPLOS '11},
	Title = {S2E: a platform for in-vivo multi-path analysis of software systems}}

@inproceedings{smart-popl07,
	Author = {Godefroid, Patrice},
	Booktitle = {POPL '07},
	Title = {Compositional dynamic test generation}}

@inproceedings{sage-ndss08,
	Author = {Godefroid, Patrice and Levin, Michael Y. and Molnar, David},
	Booktitle = {NDSS '08},
	Title = {Automated Whitebox Fuzz Testing}}

@inproceedings{spf-ase10,
	Author = {P\u{a}s\u{a}reanu, Corina S. and Rungta, Neha},
	Booktitle = {ASE '10},
	Title = {Symbolic PathFinder: symbolic execution of Java bytecode}}

@inproceedings{cute-cav06,
	Author = {Sen, Koushik and Agha, Gul},
	Booktitle = {CAV '06},
	Title = {CUTE and jCUTE : Concolic Unit Testing and Explicit Path Model-Checking Tools}}

@inproceedings{esd-eurosys10,
	Author = {Zamfir, Cristian and Candea, George},
	Booktitle = {EuroSys '10},
	Title = {Execution synthesis: a technique for automated software debugging}}

@inproceedings{cloud9,
	Author = {Bucur, Stefan and Ureche, Vlad and Zamfir, Cristian and Candea, George},
	Booktitle = {EuroSys '11},
	Title = {Parallel symbolic execution for automated real-world software testing}}

@misc{foursquare-outage,
	Author = {{High Scalability}},
	Howpublished = {\url{http://goo.gl/D5ixm4}},
	Title = {{Troubles with Sharding - What can we learn from the Foursquare Incident?}}}

@article{hdfs-scalability-problem,
	Author = {Shvachko, Konstantin V},
	Journal = {USENIX login},
	Number = {2},
	Pages = {6--16},
	Title = {{HDFS Scalability: The limits to growth}},
	Volume = {35},
	Year = {2010}}

@article{symbolicexecution_overview_cacm13,
	Author = {Cadar, Cristian and Sen, Koushik},
	Issue_Date = {February 2013},
	Journal = {Commun. ACM},
	Month = feb,
	Number = {2},
	Pages = {82--90},
	Title = {Symbolic execution for software testing: three decades later},
	Volume = {56},
	Year = {2013}}

@misc{load-testing,
	Author = {{Rick Hower}},
	Howpublished = {\url{http://www.softwareqatest.com/qatweb1.html#LOAD}},
	Title = {{Web Site Test Tools and Site Management Tools: Load and Performance Test Tools}}}

@inproceedings{loadtests_zhang_ase11,
	Author = {Zhang, Pingyu and Elbaum, Sebastian and Dwyer, Matthew B.},
	Booktitle = {ASE '11},
	Title = {Automatic Generation of Load Tests}}

@inproceedings{loadinputs_grechanik_icse12,
	Author = {Grechanik, Mark and Fu, Chen and Xie, Qing},
	Booktitle = {ICSE '12},
	Title = {Automatically Finding Performance Problems with Feedback-directed Learning Software Testing}}

@inproceedings{looper_burnim_ase09,
	Author = {Burnim, Jacob and Jalbert, Nicholas and Stergiou, Christos and Sen, Koushik},
	Booktitle = {ASE '09},
	Title = {Looper: Lightweight detection of infinite loops at runtime}}}

@inproceedings{kling2012bolt,
	Author = {Kling, Michael and Misailovic, Sasa and Carbin, Michael and Rinard, Martin},
	Booktitle = {OOPSLA '12},
	Title = {Bolt: on-demand infinite loop escape in unmodified binaries}}}@STRING{feb	= {February} }

@InProceedings{	  1855515,
  author	= {Kasick, Michael P. and Tan, Jiaqi and Gandhi, Rajeev and
		  Narasimhan, Priya},
  title		= {Black-box Problem Diagnosis in Parallel File Systems},
   booktitle = {Proceedings of the 8th USENIX Conference on File and Storage Technologies},
    series = {FAST'10},
     year = {2010},
      location = {San Jose, California},
       pages = {4--4},
        numpages = {1},
         url = {http://dl.acm.org/citation.cfm?id=1855511.1855515},
          acmid = {1855515},
           publisher = {USENIX Association},
            address = {Berkeley, CA, USA},
}

@InProceedings{	  abhranta-hotdep12,
  author	= {Zhou, Bowen and Kulkarni, Milind and Bagchi, Saurabh},
  title		= {\abhranta: Localizing Bugs that Manifest at Large System
		  Scales},
   booktitle = {Proceedings of the Eighth USENIX Conference on Hot Topics in System Dependability},
    series = {HotDep'12},
     year = {2012},
      location = {Hollywood, CA},
       pages = {5--5},
        numpages = {1},
         url = {http://dl.acm.org/citation.cfm?id=2387858.2387863},
          acmid = {2387863},
           publisher = {USENIX Association},
            address = {Berkeley, CA, USA},
}

@InProceedings{	  ahn:2009:sto:1654059.1654104,
  author	= {Ahn, Dong H. and de Supinski, Bronis R. and Laguna,
		  Ignacio and Lee, Gregory L. and Liblit, Ben and Miller,
		  Barton P. and Schulz, Martin},
  title		= {Scalable Temporal Order Analysis for Large Scale
		  Debugging},
   booktitle = {Proceedings of the Conference on High Performance Computing Networking, Storage and Analysis},
    series = {SC '09},
     year = {2009},
      isbn = {978-1-60558-744-8},
       location = {Portland, Oregon},
        pages = {44:1--44:11},
         articleno = {44},
          numpages = {11},
           url = {http://doi.acm.org/10.1145/1654059.1654104},
            doi = {10.1145/1654059.1654104},
             acmid = {1654104},
              publisher = {ACM},
               address = {New York, NY, USA},
}

@InProceedings{	  ahn_stat_sc08,
  author	= {Lee, Gregory L. and Ahn, Dong H. and Arnold, Dorian C. and
		  de Supinski, Bronis R. and Legendre, Matthew and Miller,
		  Barton P. and Schulz, Martin and Liblit, Ben},
  title		= {Lessons Learned at 208K: Towards Debugging Millions of
		  Cores},
   booktitle = {Proceedings of the 2008 ACM/IEEE Conference on Supercomputing},
    series = {SC '08},
     year = {2008},
      isbn = {978-1-4244-2835-9},
       location = {Austin, Texas},
        pages = {26:1--26:9},
         articleno = {26},
          numpages = {9},
           url = {http://dl.acm.org/citation.cfm?id=1413370.1413397},
            acmid = {1413397},
             publisher = {IEEE Press},
              address = {Piscataway, NJ, USA},
} 

@Article{	  aic,
  author	= { Akaike, H.},
  title		= {A New Look at the Statistical Model Identification},
  journal	= {IEEE Transactions on Automatic Control},
  year		= {1974},
  volume	= {19},
  pages		= { 716 - 723},
  number	= {6},
  month		= {dec},
  doi		= {10.1109/TAC.1974.1100705},
  issn		= {0018-9286},
  keywords	= { Parameter identification; Time series; maximum-likelihood
		  (ML) estimation;}
}

@Article{	  bach:2003:kic:944919.944920,
  author	= {Bach, Francis R. and Jordan, Michael I.},
  title		= {Kernel Independent Component Analysis},
  journal	= {Journal of Maching Learning Research},
  year		= {2003},
  volume	= {3},
  pages		= {1--48},
  month		= {March},
  acmid		= {944920},
  bdsk-url-1	= {http://dx.doi.org/10.1162/153244303768966085},
  doi		= {http://dx.doi.org/10.1162/153244303768966085},
  issn		= {1532-4435},
  keywords	= {Stiefel manifold, blind source separation, canonical
		  correlations, gram matrices, incomplete Cholesky
		  decomposition, independent component analysis, integral
		  equations, kernel methods, mutual information,
		  semiparametric models},
  numpages	= {48},
  publisher	= {JMLR.org},
  url		= {http://dx.doi.org/10.1162/153244303768966085}
}

@InProceedings{	  bagchi_paralleldetection_dsn10,
  author	= {Greg Bronevetsky and Ignacio Laguna and Saurabh Bagchi and
		  Bronis R. de Supinski and Dong H. Ahn and and Martin
		  Schulz},
  title		= {{AutomaDeD}: Automata-Based Debugging for Dissimilar
		  Parallel Tasks},
  booktitle = {Proceedings of the IEEE/IFIP International Conference on Dependable Systems and Networks,},
  series = {DSN '10},
  year      = {2010},
  pages     = {231-240},
}

@InProceedings{	  bailey:1992:npb:147877.148032,
  author	= {Bailey, D. H. and Dagum, L. and Barszcz, E. and Simon, H.
		  D.},
  title		= {{NAS} Parallel Benchmark Results},
   booktitle = {Proceedings of the 1992 ACM/IEEE Conference on Supercomputing},
    series = {Supercomputing '92},
     year = {1992},
      isbn = {0-8186-2630-5},
       location = {Minneapolis, Minnesota, USA},
        pages = {386--393},
         numpages = {8},
          url = {http://dl.acm.org/citation.cfm?id=147877.148032},
           acmid = {148032},
            publisher = {IEEE Computer Society Press},
             address = {Los Alamitos, CA, USA},
}

@InProceedings{	  barnes-ics08,
   author = {Barnes, Bradley J. and Rountree, Barry and Lowenthal, David K. and Reeves, Jaxk and de Supinski, Bronis and Schulz, Martin},
    title = {A Regression-based Approach to Scalability Prediction},
     booktitle = {Proceedings of the 22nd Annual International Conference on Supercomputing},
      series = {ICS '08},
       year = {2008},
        isbn = {978-1-60558-158-3},
         location = {Island of Kos, Greece},
          pages = {368--377},
           numpages = {10},
            url = {http://doi.acm.org/10.1145/1375527.1375580},
             doi = {10.1145/1375527.1375580},
              acmid = {1375580},
               publisher = {ACM},
                address = {New York, NY, USA},
                 keywords = {MPI, modeling, prediction, regression, scalability},
} 


@Article{	  bic-schwarz78,
  title		= {Estimating the Dimension of a Model},
  author	= {Schwarz, Gideon E.},
  journal	= {Annals of Statistics},
  volume	= {6},
  number	= {2},
  pages		= {461--464},
  year		= {1978}
}

@InProceedings{	  bodik-socc10,
   author = {Bodik, Peter and Fox, Armando and Franklin, Michael J. and Jordan, Michael I. and Patterson, David A.},
    title = {Characterizing, Modeling, and Generating Workload Spikes for Stateful Services},
     booktitle = {Proceedings of the 1st ACM Symposium on Cloud Computing},
      series = {SoCC '10},
       year = {2010},
        isbn = {978-1-4503-0036-0},
         location = {Indianapolis, Indiana, USA},
          pages = {241--252},
           numpages = {12},
            url = {http://doi.acm.org/10.1145/1807128.1807166},
             doi = {10.1145/1807128.1807166},
              acmid = {1807166},
               publisher = {ACM},
                address = {New York, NY, USA},
                 keywords = {data hotspots, workload spikes, workload synthesis, workoad characterization},
}

@InProceedings{	  bond2007probabilistic,
     author = {Bond, Michael D. and McKinley, Kathryn S.},
      title = {Probabilistic Calling Context},
       booktitle = {Proceedings of the 22nd Annual ACM SIGPLAN Conference on Object-oriented Programming Systems and Applications},
        series = {OOPSLA '07},
         year = {2007},
          isbn = {978-1-59593-786-5},
           location = {Montreal, Quebec, Canada},
            pages = {97--112},
             numpages = {16},
              url = {http://doi.acm.org/10.1145/1297027.1297035},
               doi = {10.1145/1297027.1297035},
                acmid = {1297035},
                 publisher = {ACM},
                  address = {New York, NY, USA},
                   keywords = {anomaly-based bug detection, calling context, dynamic context sensitivity, intrusion detection, managed languages, probabilistic, residual testing},
}

@InProceedings{	  bond2010breadcrumbs,
   author = {Bond, Michael D. and Baker, Graham Z. and Guyer, Samuel Z.},
    title = {Breadcrumbs: Efficient Context Sensitivity for Dynamic Bug Detection Analyses},
     booktitle = {Proceedings of the 2010 ACM SIGPLAN Conference on Programming Language Design and Implementation},
      series = {PLDI '10},
       year = {2010},
        isbn = {978-1-4503-0019-3},
         location = {Toronto, Ontario, Canada},
          pages = {13--24},
           numpages = {12},
            url = {http://doi.acm.org/10.1145/1806596.1806599},
             doi = {10.1145/1806596.1806599},
              acmid = {1806599},
               publisher = {ACM},
                address = {New York, NY, USA},
                 keywords = {bug detection, context sensitivity, dynamic analysis},
}

@Misc{		  bug:mpich2-allgather,
  note		= {\url{https://trac.mcs.anl.gov/projects/mpich2/changeset/5262}}
		  
}

@Misc{		  bug:transmission-dht,
  note		= {\url{https://trac.transmissionbt.com/changeset/11666}}
}

@InProceedings{	  burnim-icse09,
   author = {Burnim, Jacob and Juvekar, Sudeep and Sen, Koushik},
    title = {{WISE}: Automated Test Generation for Worst-case Complexity},
     booktitle = {Proceedings of the 31st International Conference on Software Engineering},
      series = {ICSE '09},
       year = {2009},
        isbn = {978-1-4244-3453-4},
         pages = {463--473},
          numpages = {11},
           url = {http://dx.doi.org/10.1109/ICSE.2009.5070545},
            doi = {10.1109/ICSE.2009.5070545},
             acmid = {1555060},
              publisher = {IEEE Computer Society},
               address = {Washington, DC, USA},
} 


@InProceedings{	  chen:2010:fdb:1884643.1884682,
   author = {Chen, Zhezhe and Gao, Qi and Zhang, Wenbin and Qin, Feng},
    title = {{FlowChecker}: Detecting Bugs in MPI Libraries via Message Flow Checking},
     booktitle = {Proceedings of the 2010 ACM/IEEE International Conference for High Performance Computing, Networking, Storage and Analysis},
      series = {SC '10},
       year = {2010},
        isbn = {978-1-4244-7559-9},
         pages = {1--11},
          numpages = {11},
           url = {http://dx.doi.org/10.1109/SC.2010.27},
            doi = {10.1109/SC.2010.27},
             acmid = {1884682},
              publisher = {IEEE Computer Society},
               address = {Washington, DC, USA},
} 


@Misc{		  clang,
  note		= {\url{http://clang.llvm.org/}}
}

@InProceedings{	  cloud9,
   author = {Bucur, Stefan and Ureche, Vlad and Zamfir, Cristian and Candea, George},
    title = {Parallel Symbolic Execution for Automated Real-world Software Testing},
     booktitle = {Proceedings of the Sixth Conference on Computer Systems},
      series = {EuroSys '11},
       year = {2011},
        isbn = {978-1-4503-0634-8},
         location = {Salzburg, Austria},
          pages = {183--198},
           numpages = {16},
            url = {http://doi.acm.org/10.1145/1966445.1966463},
             doi = {10.1145/1966445.1966463},
              acmid = {1966463},
               publisher = {ACM},
                address = {New York, NY, USA},
                 keywords = {automated testing, debugging, distributed testing, parallel testing, reliability, scalable testing, symbolic execution, testing in cloud, testing tools, verification},
} 

@InProceedings{	  dart-pldi05,
   author = {Godefroid, Patrice and Klarlund, Nils and Sen, Koushik},
    title = {{DART}: Directed Automated Random Testing},
     booktitle = {Proceedings of the 2005 ACM SIGPLAN Conference on Programming Language Design and Implementation},
      series = {PLDI '05},
       year = {2005},
        isbn = {1-59593-056-6},
         location = {Chicago, IL, USA},
          pages = {213--223},
           numpages = {11},
            url = {http://doi.acm.org/10.1145/1065010.1065036},
             doi = {10.1145/1065010.1065036},
              acmid = {1065036},
               publisher = {ACM},
                address = {New York, NY, USA},
                 keywords = {automated test generation, interfaces, program verification, random testing, software testing},
} 

@inproceedings{jin-pldi12,
   author = {Jin, Guoliang and Song, Linhai and Shi, Xiaoming and Scherpelz, Joel and Lu, Shan},
    title = {Understanding and Detecting Real-world Performance Bugs},
     booktitle = {Proceedings of the 33rd ACM SIGPLAN Conference on Programming Language Design and Implementation},
      series = {PLDI '12},
       year = {2012},
        isbn = {978-1-4503-1205-9},
         location = {Beijing, China},
          pages = {77--88},
           numpages = {12},
            url = {http://doi.acm.org/10.1145/2254064.2254075},
             doi = {10.1145/2254064.2254075},
              acmid = {2254075},
               publisher = {ACM},
                address = {New York, NY, USA},
                 keywords = {characteristics study, performance bugs, rule-based bug detection},
}

@InProceedings{	  deform-siggraph08,
   author = {Feng, Wei-Wen and Kim, Byung-Uck and Yu, Yizhou},
    title = {Real-time Data Driven Deformation Using Kernel Canonical Correlation Analysis},
     booktitle = {Proceedings of ACM SIGGRAPH 2008},
      series = {SIGGRAPH '08},
       year = {2008},
        isbn = {978-1-4503-0112-1},
         location = {Los Angeles, California},
          pages = {91:1--91:9},
           articleno = {91},
            numpages = {9},
             url = {http://doi.acm.org/10.1145/1399504.1360690},
              doi = {10.1145/1399504.1360690},
               acmid = {1360690},
                publisher = {ACM},
                 address = {New York, NY, USA},
                  keywords = {Poisson equation, animation, regression, skinning},
} 

@InProceedings{	  dietz-nips09,
      title = {Localizing Bugs in Program Executions with Graphical Models},
        booktitle = {Proceedings of Advances in Neural Information Processing Systems 22},
          author = {Dietz, Laura and Dallmeier, Valentin and Zeller, Andreas and Scheffer, Tobias},
          series = {NIPS 22},
              year = {2009},
                pages = {468--476}
}

@inproceedings{	  dmtrack-sc07,
   author = {Gao, Qi and Qin, Feng and Panda, Dhabaleswar K.},
    title = {{DMTracker}: Finding Bugs in Large-scale Parallel Programs by Detecting Anomaly in Data Movements},
     booktitle = {Proceedings of the 2007 ACM/IEEE Conference on Supercomputing},
      series = {SC '07},
       year = {2007},
        isbn = {978-1-59593-764-3},
         location = {Reno, Nevada},
          pages = {15:1--15:12},
           articleno = {15},
            numpages = {12},
             url = {http://doi.acm.org/10.1145/1362622.1362643},
              doi = {10.1145/1362622.1362643},
               acmid = {1362643},
                publisher = {ACM},
                 address = {New York, NY, USA},
                  keywords = {anomaly detection, bug detection, data movements, parallel programs},
} 

@Book{		  esl2,
  title		= {The Elements of Statistical Learning (2nd edition)},
  publisher	= {Springer-Verlag},
  year		= {2008},
  author	= {Trevor Hastie and Robert Tibshirani and Jerome Friedman},
  owner		= {bwzhou},
  timestamp	= {2013.01.21}
}

@Misc{		  foursquare-outage,
  author	= {Eliot Horowitz},
  howpublished	= {\url{https://groups.google.com/forum/#!topic/mongodb-user/UoqU8ofp134}}
		  ,
  title		= {Foursquare Outage Post Mortem}
}

@InProceedings{	  ganapathi:2009:cml:1855591.1855592,
   author = {Ganapathi, Archana and Datta, Kaushik and Fox, Armando and Patterson, David},
    title = {A Case for Machine Learning to Optimize Multicore Performance},
     booktitle = {Proceedings of the First USENIX Conference on Hot Topics in Parallelism},
      series = {HotPar'09},
       year = {2009},
        location = {Berkeley, California},
         pages = {1--1},
          numpages = {1},
           url = {http://dl.acm.org/citation.cfm?id=1855591.1855592},
            acmid = {1855592},
             publisher = {USENIX Association},
              address = {Berkeley, CA, USA},
} 

@InProceedings{	  ganapathi:2009:pmm:1546683.1547490,
   author = {Ganapathi, Archana and Kuno, Harumi and Dayal, Umeshwar and Wiener, Janet L. and Fox, Armando and Jordan, Michael and Patterson, David},
    title = {Predicting Multiple Metrics for Queries: Better Decisions Enabled by Machine Learning},
     booktitle = {Proceedings of the 2009 IEEE International Conference on Data Engineering},
      series = {ICDE '09},
       year = {2009},
        isbn = {978-0-7695-3545-6},
         pages = {592--603},
          numpages = {12},
           url = {http://dx.doi.org/10.1109/ICDE.2009.130},
            doi = {10.1109/ICDE.2009.130},
             acmid = {1547490},
              publisher = {IEEE Computer Society},
               address = {Washington, DC, USA},
                keywords = {operational business intelligence, database performance prediction, machine learning},
} 

@Article{	  hdfs-scalability,
  author	= {Shvachko, Konstantin V},
  journal	= {USENIX login},
  number	= {2},
  pages		= {6--16},
  title		= {{HDFS} Scalability: The limits to growth},
  volume	= {35},
  year		= {2010}
}

@InProceedings{	  holmers-icse09,
   author = {Chilimbi, Trishul M. and Liblit, Ben and Mehra, Krishna and Nori, Aditya V. and Vaswani, Kapil},
    title = {{HOLMES}: Effective Statistical Debugging via Efficient Path Profiling},
     booktitle = {Proceedings of the 31st International Conference on Software Engineering},
      series = {ICSE '09},
       year = {2009},
        isbn = {978-1-4244-3453-4},
         pages = {34--44},
          numpages = {11},
           url = {http://dx.doi.org/10.1109/ICSE.2009.5070506},
            doi = {10.1109/ICSE.2009.5070506},
             acmid = {1555020},
              publisher = {IEEE Computer Society},
               address = {Washington, DC, USA},
} 

@Article{	  hotelling1936,
  author	= {Hotelling, Harold},
  title		= {Relations Between Two Sets of Variates},
  journal	= {Biometrika},
  year		= {1936},
  volume	= {28},
  pages		= {321--377},
  number	= {3/4},
  bdsk-url-1	= {http://www.jstor.org/stable/2333955},
  copyright	= {Copyright {\copyright} 1936 Biometrika Trust},
  issn		= {00063444},
  jstor_articletype={research-article},
  jstor_formatteddate={Dec., 1936},
  language	= {English},
  publisher	= {Biometrika Trust},
  url		= {http://www.jstor.org/stable/2333955}
}

@InProceedings{	  joshi-hpca08,
  author	= {Ajay M. Joshi and Lieven Eeckhout and Lizy Kurian John and
		  Ciji Isen},
  booktitle={Proceedings of the 14th IEEE International Symposium on High Performance Computer Architecture}, 
  series = {HPCA-14},
  title={Automated Microprocessor Stressmark Generation}, 
  year={2008}, 
  month={Feb}, 
  pages={229-239}, 
}

@InProceedings{	  kim-micro12,
   author = {Kim, Youngtaek and John, Lizy Kurian and Pant, Sanjay and Manne, Srilatha and Schulte, Michael and Bircher, W. Lloyd and Govindan, Madhu S.  Sibi},
    title = {{AUDIT}: Stress Testing the Automatic Way},
     booktitle = {Proceedings of the 45th Annual IEEE/ACM International Symposium on Microarchitecture},
      series = {MICRO-45},
       year = {2012},
        isbn = {978-0-7695-4924-8},
         location = {Vancouver, B.C., CANADA},
          pages = {212--223},
           numpages = {12},
            url = {http://dx.doi.org/10.1109/MICRO.2012.28},
             doi = {10.1109/MICRO.2012.28},
              acmid = {2457500},
               publisher = {IEEE Computer Society},
                address = {Washington, DC, USA},
                 keywords = {di/dt, inductive noise, stressmark generation, voltage droop, power distribution network, low power, genetic algorithm, hardware measurement},
} 


@InProceedings{	  klee,
   author = {Cadar, Cristian and Dunbar, Daniel and Engler, Dawson},
    title = {{KLEE}: Unassisted and Automatic Generation of High-coverage Tests for Complex Systems Programs},
     booktitle = {Proceedings of the 8th USENIX Conference on Operating Systems Design and Implementation},
      series = {OSDI'08},
       year = {2008},
        location = {San Diego, California},
         pages = {209--224},
          numpages = {16},
           url = {http://dl.acm.org/citation.cfm?id=1855741.1855756},
            acmid = {1855756},
             publisher = {USENIX Association},
              address = {Berkeley, CA, USA},
} 

@InProceedings{	  kling2012bolt,
   author = {Kling, Michael and Misailovic, Sasa and Carbin, Michael and Rinard, Martin},
    title = {Bolt: On-demand Infinite Loop Escape in Unmodified Binaries},
     booktitle = {Proceedings of the ACM International Conference on Object Oriented Programming Systems Languages and Applications},
      series = {OOPSLA '12},
       year = {2012},
        isbn = {978-1-4503-1561-6},
         location = {Tucson, Arizona, USA},
          pages = {431--450},
           numpages = {20},
            url = {http://doi.acm.org/10.1145/2384616.2384648},
             doi = {10.1145/2384616.2384648},
              acmid = {2384648},
               publisher = {ACM},
                address = {New York, NY, USA},
                 keywords = {Bolt, error recovery, infinite loop, unresponsive program},
} 

@Misc{		  large_message,
  note		= {\url{http://trac.mcs.anl.gov/projects/mpich2/ticket/1005}}
}

@InProceedings{	  liblit2003,
   author = {Liblit, Ben and Aiken, Alex and Zheng, Alice X. and Jordan, Michael I.},
    title = {Bug Isolation via Remote Program Sampling},
     booktitle = {Proceedings of the ACM SIGPLAN 2003 Conference on Programming Language Design and Implementation},
      series = {PLDI '03},
       year = {2003},
        isbn = {1-58113-662-5},
         location = {San Diego, California, USA},
          pages = {141--154},
           numpages = {14},
            url = {http://doi.acm.org/10.1145/781131.781148},
             doi = {10.1145/781131.781148},
              acmid = {781148},
               publisher = {ACM},
                address = {New York, NY, USA},
                 keywords = {assertions, bug isolation, feature selection, logistic regression, random sampling, statistical debugging},
} 

@InProceedings{	  liblit2005,
   author = {Liblit, Ben and Naik, Mayur and Zheng, Alice X. and Aiken, Alex and Jordan, Michael I.},
    title = {Scalable Statistical Bug Isolation},
     booktitle = {Proceedings of the 2005 ACM SIGPLAN Conference on Programming Language Design and Implementation},
      series = {PLDI '05},
       year = {2005},
        isbn = {1-59593-056-6},
         location = {Chicago, IL, USA},
          pages = {15--26},
           numpages = {12},
            url = {http://doi.acm.org/10.1145/1065010.1065014},
             doi = {10.1145/1065010.1065014},
              acmid = {1065014},
               publisher = {ACM},
                address = {New York, NY, USA},
                 keywords = {bug isolation, feature selection, invariants, random sampling, statistical debugging},
} 

@Article{	  liu06,
  author	= {Liu, Chao and Fei, Long and Yan, Xifeng and Han, Jiawei
		  and Midkiff, Samuel P.},
  title		= {Statistical Debugging: A Hypothesis Testing-Based
		  Approach},
  journal	= {IEEE Transactions on Software Engineering},
  year		= {2006},
  volume	= {32},
  pages		= {831--848},
  month		= {October},
  acmid		= {1248773},
  address	= {Piscataway, NJ, USA},
  bdsk-url-1	= {http://dx.doi.org/10.1109/TSE.2006.105},
  date-added	= {2011-12-07 23:04:05 +0000},
  date-modified	= {2011-12-07 23:04:10 +0000},
  doi		= {http://dx.doi.org/10.1109/TSE.2006.105},
  issn		= {0098-5589},
  issue		= {10},
  keywords	= {Debugging aids, statistical methods, statistical
		  debugging.},
  numpages	= {18},
  publisher	= {IEEE Press},
  url		= {http://dx.doi.org/10.1109/TSE.2006.105}
}

@Misc{      mysql-49177,
  note    = {\url{http://bugs.mysql.com/bug.php?id=49177}}
}

@Misc{		  llvm-bitcode,
  note		= {\url{http://llvm.org/docs/BitCodeFormat.html}}
}

@Misc{		  load-testing,
  author	= {Rick Hower},
  howpublished	= {\url{http://www.softwareqatest.com/qatweb1.html#LOAD}},
  title		= {Web Site Test Tools and Site Management Tools: Load and
		  Performance Test Tools}
}

@InProceedings{	  loadinputs_grechanik_icse12,
   author = {Grechanik, Mark and Fu, Chen and Xie, Qing},
    title = {Automatically Finding Performance Problems with Feedback-directed Learning Software Testing},
     booktitle = {Proceedings of the 34th International Conference on Software Engineering},
      series = {ICSE '12},
       year = {2012},
        isbn = {978-1-4673-1067-3},
         location = {Zurich, Switzerland},
          pages = {156--166},
           numpages = {11},
            url = {http://dl.acm.org/citation.cfm?id=2337223.2337242},
             acmid = {2337242},
              publisher = {IEEE Press},
               address = {Piscataway, NJ, USA},
} 


@InProceedings{	  loadtests_zhang_ase11,
   author = {Zhang, Pingyu and Elbaum, Sebastian and Dwyer, Matthew B.},
    title = {Automatic Generation of Load Tests},
     booktitle = {Proceedings of the 2011 26th IEEE/ACM International Conference on Automated Software Engineering},
      series = {ASE '11},
       year = {2011},
        isbn = {978-1-4577-1638-6},
         pages = {43--52},
          numpages = {10},
           url = {http://dx.doi.org/10.1109/ASE.2011.6100093},
            doi = {10.1109/ASE.2011.6100093},
             acmid = {2190151},
              publisher = {IEEE Computer Society},
               address = {Washington, DC, USA},
} 


@InProceedings{	  looper_burnim_ase09,
   author = {Burnim, Jacob and Jalbert, Nicholas and Stergiou, Christos and Sen, Koushik},
    title = {Looper: Lightweight Detection of Infinite Loops at Runtime},
     booktitle = {Proceedings of the 2009 IEEE/ACM International Conference on Automated Software Engineering},
      series = {ASE '09},
       year = {2009},
        isbn = {978-0-7695-3891-4},
         pages = {161--169},
          numpages = {9},
           url = {http://dx.doi.org/10.1109/ASE.2009.87},
            doi = {10.1109/ASE.2009.87},
             acmid = {1747517},
              publisher = {IEEE Computer Society},
               address = {Washington, DC, USA},
}

@Misc{		  memcached,
  note		= {\url{http://memcached.org/}}
}

@inproceedings{datacorruption_sc12,
 author = {Fiala, David and Mueller, Frank and Engelmann, Christian and Riesen, Rolf and Ferreira, Kurt and Brightwell, Ron},
  title = {Detection and Correction of Silent Data Corruption for Large-scale High-performance Computing},
   booktitle = {Proceedings of the International Conference on High Performance Computing, Networking, Storage and Analysis},
    series = {SC '12},
     year = {2012},
      isbn = {978-1-4673-0804-5},
       location = {Salt Lake City, Utah},
        pages = {78:1--78:12},
         articleno = {78},
          numpages = {12},
           url = {http://dl.acm.org/citation.cfm?id=2388996.2389102},
            acmid = {2389102},
             publisher = {IEEE Computer Society Press},
              address = {Los Alamitos, CA, USA},
              } 


@InProceedings{	  miller-sc06,
   author = {Mirgorodskiy, Alexander V. and Maruyama, Naoya and Miller, Barton P.},
    title = {Problem Diagnosis in Large-scale Computing Environments},
     booktitle = {Proceedings of the 2006 ACM/IEEE Conference on Supercomputing},
      series = {SC '06},
       year = {2006},
        isbn = {0-7695-2700-0},
         location = {Tampa, Florida},
          articleno = {88},
           url = {http://doi.acm.org/10.1145/1188455.1188548},
            doi = {10.1145/1188455.1188548},
             acmid = {1188548},
              publisher = {ACM},
               address = {New York, NY, USA},
} 


@Misc{		  mpich2,
  note		= {\url{http://www.mcs.anl.gov/research/projects/mpich2/}},
  institution	= {Argonne National Laboratory}
}

@Misc{		  mpich2:allgatherv,
  note		= {\url{https://trac.mcs.anl.gov/projects/mpich2/browser/mpich2/trunk/src/mpi/coll/allgatherv.c}}
		  
}

@InProceedings{	  mueller_scalaextrap_ppopp11,
   author = {Wu, Xing and Mueller, Frank},
    title = {{ScalaExtrap}: Trace-based Communication Extrapolation for Spmd Programs},
     booktitle = {Proceedings of the 16th ACM Symposium on Principles and Practice of Parallel Programming},
      series = {PPoPP '11},
       year = {2011},
        isbn = {978-1-4503-0119-0},
         location = {San Antonio, TX, USA},
          pages = {113--122},
           numpages = {10},
            url = {http://doi.acm.org/10.1145/1941553.1941569},
             doi = {10.1145/1941553.1941569},
              acmid = {1941569},
               publisher = {ACM},
                address = {New York, NY, USA},
                 keywords = {high-performance computing, message passing, performance prediction, tracing},
} 

@TechReport{	  nasparallelbenchmark,
  author	= {D. Bailey and J. Barton and T. Lasinski and H. Simon},
  title		= {The {NAS} Parallel Benchmarks},
  institution	= {NASA Ames Research Center},
  year		= {1991},
  type		= {{RNR}-91-002},
  month		= {August}
}

@Article{	  oliner-cacm12,
  author	= {Oliner, Adam and Ganapathi, Archana and Xu, Wei},
  title		= {Advances and Challenges in Log Analysis},
  journal	= {Communications of the ACM},
  issue_date	= {February 2012},
  volume	= {55},
  number	= {2},
  month		= feb,
  year		= {2012},
  issn		= {0001-0782},
  pages		= {55--61},
  numpages	= {7},
  url		= {http://doi.acm.org/10.1145/2076450.2076466},
  doi		= {10.1145/2076450.2076466},
  acmid		= {2076466},
  publisher	= {ACM},
  address	= {New York, NY, USA}
}

@Misc{		  petsc,
  author	= {Satish Balay and Jed Brown and Kris Buschelman and William
		  D. Gropp and Dinesh Kaushik and Matthew G. Knepley and Lois
		  Curfman McInnes and Barry F. Smith and Hong Zhang},
  title		= {{PETSc} Web Page},
  year		= {2009},
  note		= {\url{http://www.mcs.anl.gov/petsc}}
}

@Misc{		  pfizer-tutorial,
  author	= {Max Kuhn and Kjell Johnson},
  title		= {An Introduction to Multivariate Modeling Techniques},
  howpublished	= {\url{http://zoo.cs.yale.edu/classes/cs445/slides/Pfizer_Yale_Version.ppt}}
		  
}

@InProceedings{	  pin-pldi05,
   author = {Luk, Chi-Keung and Cohn, Robert and Muth, Robert and Patil, Harish and Klauser, Artur and Lowney, Geoff and Wallace, Steven and Reddi, Vijay Janapa and Hazelwood, Kim},
    title = {Pin: Building Customized Program Analysis Tools with Dynamic Instrumentation},
     booktitle = {Proceedings of the 2005 ACM SIGPLAN Conference on Programming Language Design and Implementation},
      series = {PLDI '05},
       year = {2005},
        isbn = {1-59593-056-6},
         location = {Chicago, IL, USA},
          pages = {190--200},
           numpages = {11},
            url = {http://doi.acm.org/10.1145/1065010.1065034},
             doi = {10.1145/1065010.1065034},
              acmid = {1065034},
               publisher = {ACM},
                address = {New York, NY, USA},
                 keywords = {dynamic compilation, instrumentation, program analysis tools},
} 

@Article{	  sen-cacm,
  acmid		= {2408795},
  address	= {New York, NY, USA},
  author	= {Cadar, Cristian and Sen, Koushik},
  date-added	= {2013-11-16 03:53:01 +0000},
  date-modified	= {2013-11-16 03:53:06 +0000},
  doi		= {10.1145/2408776.2408795},
  issn		= {0001-0782},
  issue_date	= {February 2013},
  journal	= {Communications of the ACM},
  month		= {February},
  number	= {2},
  numpages	= {9},
  pages		= {82--90},
  publisher	= {ACM},
  title		= {Symbolic Execution for Software Testing: Three Decades
		  Later},
  url		= {http://doi.acm.org/10.1145/2408776.2408795},
  volume	= {56},
  year		= {2013},
  bdsk-url-1	= {http://doi.acm.org/10.1145/2408776.2408795},
  bdsk-url-2	= {http://dx.doi.org/10.1145/2408776.2408795}
}

@Misc{		  sequoia_benchmarks,
  howpublished	= {\url{https://asc.llnl.gov/sequoia/benchmarks/}}
}

@Book{		  shawe-taylor:2004:kmp:975545,
  title		= {Kernel Methods for Pattern Analysis},
  publisher	= {Cambridge University Press},
  year		= {2004},
  author	= {Shawe-Taylor, John and Cristianini, Nello},
  address	= {New York, NY, USA},
  isbn		= {0521813972}
}

@inproceedings{slicing-pldi90,
   author = {Agrawal, Hiralal and Horgan, Joseph R.},
    title = {Dynamic Program Slicing},
     booktitle = {Proceedings of the ACM SIGPLAN 1990 Conference on Programming Language Design and Implementation},
      series = {PLDI '90},
       year = {1990},
        isbn = {0-89791-364-7},
         location = {White Plains, New York, USA},
          pages = {246--256},
           numpages = {11},
            url = {http://doi.acm.org/10.1145/93542.93576},
             doi = {10.1145/93542.93576},
              acmid = {93576},
               publisher = {ACM},
                address = {New York, NY, USA},
} 

@InProceedings{	  stp,
   author = {Ganesh, Vijay and Dill, David L.},
    title = {A Decision Procedure for Bit-vectors and Arrays},
     booktitle = {Proceedings of the 19th International Conference on Computer Aided Verification},
      series = {CAV'07},
       year = {2007},
        isbn = {978-3-540-73367-6},
         location = {Berlin, Germany},
          pages = {519--531},
           numpages = {13},
            url = {http://dl.acm.org/citation.cfm?id=1770351.1770421},
             acmid = {1770421},
              publisher = {Springer-Verlag},
               address = {Berlin, Heidelberg},
} 


@InProceedings{	  tarantula-ase05,
 author = {Jones, James A. and Harrold, Mary Jean},
  title = {Empirical Evaluation of the Tarantula Automatic Fault-localization Technique},
   booktitle = {Proceedings of the 20th IEEE/ACM International Conference on Automated Software Engineering},
    series = {ASE '05},
     year = {2005},
      isbn = {1-58113-993-4},
       location = {Long Beach, CA, USA},
        pages = {273--282},
         numpages = {10},
          url = {http://doi.acm.org/10.1145/1101908.1101949},
           doi = {10.1145/1101908.1101949},
            acmid = {1101949},
             publisher = {ACM},
              address = {New York, NY, USA},
               keywords = {automated debugging, empirical study, fault localization, program analysis},
} 


@Article{	  thakur2005optimization,
  author	= {Thakur, R. and Rabenseifner, R. and Gropp, W.},
  title		= {Optimization of collective communication operations in
		  MPICH},
  journal	= {International Journal of High Performance Computing
		  Applications},
  year		= {2005},
  volume	= {19},
  pages		= {49},
  number	= {1},
  issn		= {1094-3420},
  publisher	= {SAGE Publications}
}

@InProceedings{	  tseng2012characterization,
  author={Kuan-Yu Tseng and Chen, D. and Kalbarczyk, Z. and Iyer, R.K.}, 
  booktitle={Proceedings of the 42nd Annual IEEE/IFIP International Conference on Dependable Systems and Networks}, 
  series = {DSN '12},
  title={Characterization of the Error Resiliency of Power Grid Substation Devices}, 
  year={2012}, 
  month={June}, 
  pages={1-8}, 
  keywords={critical infrastructures;fault diagnosis;integrated circuit reliability;microprocessor chips;power grids;substations;control center;control critical infrastructures;electric power grids;error resiliency characterization;gas distribution;microprocessor-based devices;microprocessor-based system reliability;oil distribution;power grid substation devices;software-implemented fault injection technique;transient errors;Monitoring;Power grids;Registers;Relays;Servers;Substations;Transient analysis;fault injection;power grid;reliability;security}, 
  doi={10.1109/DSN.2012.6263924}, 
  ISSN={1530-0889},}

@InProceedings{	  vrisha-hpdc11,
   author = {Zhou, Bowen and Kulkarni, Milind and Bagchi, Saurabh},
    title = {\vrisha: Using Scaling Properties of Parallel Programs for Bug Detection and Localization},
     booktitle = {Proceedings of the 20th International Symposium on High Performance Distributed Computing},
      series = {HPDC '11},
       year = {2011},
        isbn = {978-1-4503-0552-5},
         location = {San Jose, California, USA},
          pages = {85--96},
           numpages = {12},
            url = {http://doi.acm.org/10.1145/1996130.1996143},
             doi = {10.1145/1996130.1996143},
              acmid = {1996143},
               publisher = {ACM},
                address = {New York, NY, USA},
                 keywords = {KCCA, bug detection, large-scale bugs},
} 


@InProceedings{	  wukong-hpdc13,
   author = {Zhou, Bowen and Too, Jonathan and Kulkarni, Milind and Bagchi, Saurabh},
    title = {\wukong: Automatically Detecting and Localizing Bugs That Manifest at Large System Scales},
     booktitle = {Proceedings of the 22nd International Symposium on High-performance Parallel and Distributed Computing},
      series = {HPDC '13},
       year = {2013},
        isbn = {978-1-4503-1910-2},
         location = {New York, New York, USA},
          pages = {131--142},
           numpages = {12},
            url = {http://doi.acm.org/10.1145/2462902.2462907},
             doi = {10.1145/2462902.2462907},
              acmid = {2462907},
               publisher = {ACM},
                address = {New York, NY, USA},
                 keywords = {feature reconstruction, program behavior prediction, scale-dependent bug},
} 


@inproceedings{xiangyu-icse03,
   author = {Zhang, Xiangyu and Gupta, Rajiv and Zhang, Youtao},
    title = {Precise Dynamic Slicing Algorithms},
     booktitle = {Proceedings of the 25th International Conference on Software Engineering},
      series = {ICSE '03},
       year = {2003},
        isbn = {0-7695-1877-X},
         location = {Portland, Oregon},
          pages = {319--329},
           numpages = {11},
            url = {http://dl.acm.org/citation.cfm?id=776816.776855},
             acmid = {776855},
              publisher = {IEEE Computer Society},
               address = {Washington, DC, USA},
} 

@inproceedings{xiangyu-pldi04,
   author = {Zhang, Xiangyu and Gupta, Rajiv},
    title = {Cost Effective Dynamic Program Slicing},
     booktitle = {Proceedings of the ACM SIGPLAN 2004 Conference on Programming Language Design and Implementation},
      series = {PLDI '04},
       year = {2004},
        isbn = {1-58113-807-5},
         location = {Washington DC, USA},
          pages = {94--106},
           numpages = {13},
            url = {http://doi.acm.org/10.1145/996841.996855},
             doi = {10.1145/996841.996855},
              acmid = {996855},
               publisher = {ACM},
                address = {New York, NY, USA},
                 keywords = {debugging, dynamic dependence graph, testing},
} 


@InProceedings{	  zheng06,
   author = {Zheng, Alice X. and Jordan, Michael I. and Liblit, Ben and Naik, Mayur and Aiken, Alex},
    title = {Statistical Debugging: Simultaneous Identification of Multiple Bugs},
     booktitle = {Proceedings of the 23rd International Conference on Machine Learning},
      series = {ICML '06},
       year = {2006},
        isbn = {1-59593-383-2},
         location = {Pittsburgh, Pennsylvania},
          pages = {1105--1112},
           numpages = {8},
            url = {http://doi.acm.org/10.1145/1143844.1143983},
             doi = {10.1145/1143844.1143983},
              acmid = {1143983},
               publisher = {ACM},
                address = {New York, NY, USA},
} 

@InProceedings{	  zhu-ecml07,
   author = {Andrzejewski, David and Mulhern, Anne and Liblit, Ben and Zhu, Xiaojin},
    title = {Statistical Debugging Using Latent Topic Models},
     booktitle = {Proceedings of the 18th European Conference on Machine Learning},
      series = {ECML '07},
       year = {2007},
        isbn = {978-3-540-74957-8},
         location = {Warsaw, Poland},
          pages = {6--17},
           numpages = {12},
            url = {http://dx.doi.org/10.1007/978-3-540-74958-5_5},
             doi = {10.1007/978-3-540-74958-5_5},
              acmid = {1421672},
               publisher = {Springer-Verlag},
                address = {Berlin, Heidelberg},
} 

